<?xml version="1.0" encoding="UTF-8"?><collection xmlns="http://www.loc.gov/MARC21/slim"><record><leader>00521nam--2200181-i-4500</leader><controlfield tag="001">000034399</controlfield><controlfield tag="002">20161230</controlfield><controlfield tag="005">20161230201040</controlfield><controlfield tag="008">060222s1000------------r-----000-0-eng-d</controlfield><datafield ind1=" " ind2=" " tag="040"><subfield code="a">IFIN-HH</subfield></datafield><datafield ind1=" " ind2=" " tag="080"><subfield code="a">53.08</subfield></datafield><datafield ind1="1" ind2=" " tag="100"><subfield code="a">Nickol, J. P</subfield></datafield><datafield ind1="1" ind2="0" tag="245"><subfield code="a">Analytical laboratory physics</subfield><subfield code="c">John p. nickol, kenneth h. moore, harry f. meiners, walter eppenstein</subfield></datafield><datafield ind1=" " ind2=" " tag="260"><subfield code="a">Ann Arbor, Michigan</subfield><subfield code="b">J.W. Edwards</subfield><subfield code="c">/1956</subfield></datafield><datafield ind1=" " ind2=" " tag="300"><subfield code="a">253P</subfield></datafield><datafield ind1="1" ind2=" " tag="700"><subfield code="a">Eppenstein, Walter</subfield></datafield><datafield ind1=" " ind2=" " tag="852"><subfield code="a">13154</subfield><subfield code="c">53.02</subfield></datafield><datafield ind1=" " ind2=" " tag="CAT"><subfield code="a">Sys</subfield><subfield code="c">20151027</subfield><subfield code="h">094412</subfield></datafield></record></collection>